@InCollection{GLiDTS,
author = {Nicolás Marín and Daniel Sánchez},
title = {On generating linguistic descriptions of time series},
booktitle = {Fuzzy sets and systems},
OPTcrossref = {•},
OPTkey = {•},
OPTpages = {•},
publisher = {Elsevier},
year = {2015},
OPTeditor = {•},
OPTvolume = {•},
OPTnumber = {•},
OPTseries = {•},
OPTtype = {•},
OPTchapter = {•},
OPTaddress = {•},
OPTedition = {•},
month = {5},
OPTnote = {•},
OPTannote = {•}
}

@InCollection{GLN,
author = {A.Ramos-Soto and A. Bugarín and S.Barro},
title = {On the role of linguistic description of data in the building of natural language generation systems},
booktitle = {Fuzzy sets and systems},
OPTcrossref = {•},
OPTkey = {•},
OPTpages = {•},
publisher = {Elsevier},
year = {2015},
OPTeditor = {•},
OPTvolume = {•},
OPTnumber = {•},
OPTseries = {•},
OPTtype = {•},
OPTchapter = {•},
OPTaddress = {•},
OPTedition = {•},
month = {7},
OPTnote = {•},
OPTannote = {•}
}

@InCollection{artDanielRL,
author = {D. Sánchez and M. Delgado and M.A. Vila and J. Chamorro-Martínez},
title = {On a non-nested level-based representation of fuzziness},
booktitle = {ScienceDirect: Fuzzy sets and Systems},
OPTcrossref = {•},
OPTkey = {•},
OPTpages = {•},
OPTpublisher = {ELSEVIER},
OPTyear = {2011},
OPTeditor = {•},
OPTvolume = {•},
OPTnumber = {•},
OPTseries = {•},
OPTtype = {•},
OPTchapter = {•},
OPTaddress = {•},
OPTedition = {•},
OPTmonth = {•},
OPTnote = {•},
OPTannote = {•}
}

@Article{artReferentialSuccessCuts,
author = {Nicolás Marín Ruíz and Gustavo Rivas-Gervilla and Daniel Sánchez },
title = {A Measure of Referential Success Based on Alpha-Cuts},
journal = {Springer},
year = {2016},
OPTkey = {•},
OPTvolume = {•},
OPTnumber = {•},
OPTpages = {•},
OPTmonth = {•},
OPTnote = {•},
OPTannote = {•}
}

@InProceedings{artDaniHSV,
author = {A Novel Histogram Definition for Fuzzy Color Spaces},
title = {J. Chamorro-Martínez and D. Sánchez and J.M. Soto-Hidalgo},
booktitle = {2008 IEEE International Conference on Fuzzy Systems (FUZZ 2008)},
OPTcrossref = {•},
OPTkey = {•},
OPTpages = {•},
OPTyear = {•},
OPTeditor = {•},
OPTvolume = {•},
OPTnumber = {•},
OPTseries = {•},
OPTaddress = {•},
OPTmonth = {•},
OPTorganization = {•},
OPTpublisher = {•},
OPTnote = {•},
OPTannote = {•}
}
