@InCollection{GLiDTS,
author = {Nicolás Marín and Daniel Sánchez},
title = {On generating linguistic descriptions of time series},
booktitle = {Fuzzy sets and systems},
OPTcrossref = {•},
OPTkey = {•},
OPTpages = {•},
publisher = {Elsevier},
year = {2015},
OPTeditor = {•},
OPTvolume = {•},
OPTnumber = {•},
OPTseries = {•},
OPTtype = {•},
OPTchapter = {•},
OPTaddress = {•},
OPTedition = {•},
month = {5},
OPTnote = {•},
OPTannote = {•}
}

@InCollection{GLN,
author = {A.Ramos-Soto and A. Bugarín and S.Barro},
title = {On the role of linguistic description of data in the building of natural language generation systems},
booktitle = {Fuzzy sets and systems},
OPTcrossref = {•},
OPTkey = {•},
OPTpages = {•},
publisher = {Elsevier},
year = {2015},
OPTeditor = {•},
OPTvolume = {•},
OPTnumber = {•},
OPTseries = {•},
OPTtype = {•},
OPTchapter = {•},
OPTaddress = {•},
OPTedition = {•},
month = {7},
OPTnote = {•},
OPTannote = {•}
}
